<marc:record xmlns:marc="http://www.loc.gov/MARC21/slim"
             xmlns:xs="http://www.w3.org/2001/XMLSchema"
             xmlns:functx="http://www.functx.com">
   <marc:leader>     ntm  2200000uu 4500</marc:leader>
   <marc:controlfield tag="001">obj31560869</marc:controlfield>
   <marc:datafield tag="856" ind1="4" ind2="2">
      <marc:subfield code="3">Handschriftenkatalog</marc:subfield>
      <marc:subfield code="u">http://www.manuscripta-mediaevalia.de/dokumente/html/obj31560869</marc:subfield>
   </marc:datafield>
   <marc:controlfield tag="008">|||||||||||||||||||||||</marc:controlfield>
   <marc:datafield tag="912" ind1="" ind2="">
      <marc:subfield code="a">Andere Buchhandschriften</marc:subfield>
   </marc:datafield>
   <marc:datafield tag="024" ind1="7" ind2="">
      <marc:subfield>
         <marc:subfield code="a">urn:nbn:de:bsz:15-0012-126108</marc:subfield>
         <marc:subfield code="2">urn</marc:subfield>
      </marc:subfield>
   </marc:datafield>
   <marc:datafield tag="856" ind1="4" ind2="0">
      <marc:subfield code="u">http://nbn-resolving.de/urn:nbn:de:bsz:15-0012-126108</marc:subfield>
      <marc:subfield code="x">Digitalisierung</marc:subfield>
      <marc:subfield code="y">Online-Zugriff</marc:subfield>
   </marc:datafield>
   <marc:datafield tag="245" ind1="1" ind2="0">
      <marc:subfield code="a">Leipzig, Universitätsbibliothek Leipzig, Ms 152</marc:subfield>
      <marc:subfield code="b">Theologische Sammelhandschrift</marc:subfield>
   </marc:datafield>
   <marc:datafield tag="852" ind1="" ind2="">
      <marc:subfield code="a">Leipzig</marc:subfield>
   </marc:datafield>
   <marc:datafield tag="852" ind1="" ind2="">
      <marc:subfield code="a">Universitätsbibliothek Leipzig</marc:subfield>
   </marc:datafield>
   <marc:datafield tag="340" ind1="" ind2="">
      <marc:subfield code="a">Pergament</marc:subfield>
   </marc:datafield>
   <marc:datafield tag="300" ind1="" ind2="">
      <marc:subfield code="a">121 Bll.</marc:subfield>
   </marc:datafield>
   <marc:datafield tag="300" ind1="" ind2="">
      <marc:subfield code="c">20,5 x 13,5 cm</marc:subfield>
   </marc:datafield>
   <marc:datafield tag="546" ind1="" ind2="">
      <marc:subfield code="a">lateinisch</marc:subfield>
   </marc:datafield>
   <marc:datafield tag="046" ind1="" ind2="">
      <marc:subfield code="k">14. Jahrhundert</marc:subfield>
      <marc:subfield code="k">1301</marc:subfield>
      <marc:subfield code="l">1400</marc:subfield>
   </marc:datafield>
   <marc:datafield tag="260" ind1="" ind2="">
      <marc:subfield code="g">14. Jahrhundert</marc:subfield>
      <marc:subfield code="g">1301</marc:subfield>
      <marc:subfield code="g">1400</marc:subfield>
   </marc:datafield>
   <marc:datafield tag="100" ind1="1" ind2="">
      <marc:subfield code="a">Petrus &lt;Lombardus&gt;</marc:subfield>
      <marc:subfield code="e">Autor</marc:subfield>
      <marc:subfield code="4">aut</marc:subfield>
   </marc:datafield>
   <marc:datafield tag="100" ind1="1" ind2="">
      <marc:subfield code="a">Isidorus &lt;Hispalensis&gt;?</marc:subfield>
      <marc:subfield code="e">Autor</marc:subfield>
      <marc:subfield code="4">aut</marc:subfield>
   </marc:datafield>
   <marc:datafield tag="710" ind1="2" ind2="">
      <marc:subfield code="a">Zisterzienserkloster Altzelle</marc:subfield>
      <marc:subfield code="e">Vorbesitz</marc:subfield>
      <marc:subfield code="4">fmo</marc:subfield>
   </marc:datafield>
   <marc:datafield tag="246" ind1="3" ind2="">
      <marc:subfield code="a">Hymnar</marc:subfield>
   </marc:datafield>
   <marc:datafield tag="246" ind1="3" ind2="">
      <marc:subfield code="a">Expositio super cantica canticorum</marc:subfield>
   </marc:datafield>
   <marc:datafield tag="246" ind1="3" ind2="">
      <marc:subfield code="a">Federzeichnung</marc:subfield>
   </marc:datafield>
   <marc:datafield tag="246" ind1="3" ind2="">
      <marc:subfield code="a">Summa de confessionibus et poenitentia</marc:subfield>
   </marc:datafield>
   <marc:datafield tag="246" ind1="3" ind2="">
      <marc:subfield code="a">Abbrevatio der Sententiae des Petrus Lombardus</marc:subfield>
   </marc:datafield>
   <marc:datafield tag="100" ind1="1" ind2="">
      <marc:subfield code="a">Petrus, Lombardus</marc:subfield>
      <marc:subfield code="e">Autor</marc:subfield>
      <marc:subfield code="4">aut</marc:subfield>
   </marc:datafield>
   <marc:datafield tag="100" ind1="1" ind2="">
      <marc:subfield code="a">Frater Hugo</marc:subfield>
      <marc:subfield code="e">Autor</marc:subfield>
      <marc:subfield code="4">aut</marc:subfield>
   </marc:datafield>
   <marc:datafield tag="246" ind1="3" ind2="">
      <marc:subfield code="a">Collectio veteris ac novi testamenti</marc:subfield>
   </marc:datafield>
   <marc:datafield tag="100" ind1="1" ind2="">
      <marc:subfield code="a">Isidorus, Hispalensis?</marc:subfield>
      <marc:subfield code="e">Autor</marc:subfield>
      <marc:subfield code="4">aut</marc:subfield>
   </marc:datafield>
   <marc:datafield tag="246" ind1="3" ind2="">
      <marc:subfield code="a">Farbkeil</marc:subfield>
   </marc:datafield>
   <marc:datafield tag="250" ind1="" ind2="">
      <marc:subfield code="a">Online-Ressource</marc:subfield>
   </marc:datafield>
</marc:record>
